<?xml version="1.0" encoding="UTF-8"?><marc:record xmlns:marc="http://www.loc.gov/MARC21/slim" xmlns:xsi="http://www.w3.org/2001/XMLSchema-instance" xsi:schemaLocation="http://www.loc.gov/MARC21/slim http://www.loc.gov/standards/marcxml/schema/MARC21slim.xsd"><marc:leader>00620nam a22     7i 4500</marc:leader><marc:controlfield tag="001">1482656</marc:controlfield><marc:controlfield tag="003">NL-AMISG</marc:controlfield><marc:controlfield tag="005">20140821094849.0</marc:controlfield><marc:controlfield tag="008">131029s2013    xxu                 eng d</marc:controlfield><marc:datafield ind1=" " ind2=" " tag="020"><marc:subfield code="a">9780674073319</marc:subfield></marc:datafield><marc:datafield ind1=" " ind2=" " tag="040"><marc:subfield code="a">NL-AMISG</marc:subfield></marc:datafield><marc:datafield ind1="1" ind2=" " tag="100"><marc:subfield code="a">Konishi, Sho.</marc:subfield><marc:subfield code="0">(NL-AMISG)2009920</marc:subfield></marc:datafield><marc:datafield ind1="1" ind2="0" tag="245"><marc:subfield code="b">cooperatism and Japanese-Russian intellectual relations in modern Japan /</marc:subfield><marc:subfield code="c">Sho Konishi.</marc:subfield></marc:datafield><marc:datafield ind1=" " ind2=" " tag="260"><marc:subfield code="a">Cambridge, Mass. [etc.] :</marc:subfield><marc:subfield code="b">Harvard University Press,</marc:subfield><marc:subfield code="c">2013.</marc:subfield></marc:datafield><marc:datafield ind1=" " ind2=" " tag="300"><marc:subfield code="a">XI, 411 p.</marc:subfield></marc:datafield><marc:datafield ind1=" " ind2="0" tag="830"><marc:subfield code="a">Harvard East Asian monographs ;</marc:subfield><marc:subfield code="v">356.</marc:subfield><marc:subfield code="0">(NL-AMISG)139573</marc:subfield></marc:datafield><marc:datafield ind1="4" ind2=" " tag="852"><marc:subfield code="a">IISG</marc:subfield><marc:subfield code="b">IISG</marc:subfield><marc:subfield code="c">IISG</marc:subfield><marc:subfield code="j">2012/3479</marc:subfield><marc:subfield code="n">Available</marc:subfield><marc:subfield code="p">340340723407</marc:subfield></marc:datafield><marc:datafield ind1=" " ind2=" " tag="901"><marc:subfield code="a">1482656</marc:subfield><marc:subfield code="b"/><marc:subfield code="c">1482656</marc:subfield><marc:subfield code="t">biblio</marc:subfield></marc:datafield><marc:datafield ind1=" " ind2=" " tag="902"><marc:subfield code="a">10622/780A7EBF-D513-4BEC-8B6A-05FA5C157D22</marc:subfield></marc:datafield></marc:record>